<record><leader>00000cas a22000007a 4500</leader><controlfield tag="001">25697241</controlfield><controlfield tag="008">920423d18891uuunyuwr ne      0    0eng d</controlfield><datafield ind1=" " ind2=" " tag="010"><subfield code="a">sn 92061678 </subfield></datafield><datafield ind1=" " ind2=" " tag="040"><subfield code="a">NYS</subfield><subfield code="b">eng</subfield><subfield code="c">NYS</subfield><subfield code="d">OCLCQ</subfield></datafield><datafield ind1=" " ind2=" " tag="042"><subfield code="a">msc</subfield></datafield><datafield ind1="0" ind2="0" tag="245"><subfield code="a">Belmont weekly dispatch.</subfield></datafield><datafield ind1=" " ind2=" " tag="260"><subfield code="a">Belmont, Allegany County, N.Y. :</subfield><subfield code="b">R.R. &amp; F.G. Helme</subfield></datafield><datafield ind1=" " ind2=" " tag="300"><subfield code="a">v. ;</subfield><subfield code="c">67 cm.</subfield></datafield><datafield ind1=" " ind2=" " tag="310"><subfield code="a">Weekly</subfield></datafield><datafield ind1="1" ind2=" " tag="362"><subfield code="a">Began in 1889?</subfield></datafield><datafield ind1=" " ind2=" " tag="588"><subfield code="a">Description based on: Vol. 1, no. 3 (Mar. 26, 1889).</subfield></datafield><datafield ind1=" " ind2="4" tag="651"><subfield code="a">Belmont (N.Y.)</subfield><subfield code="v">Newspapers.</subfield></datafield><datafield ind1=" " ind2=" " tag="752"><subfield code="a">United States</subfield><subfield code="b">New York</subfield><subfield code="c">Allegany</subfield><subfield code="d">Belmont.</subfield></datafield><datafield ind1="0" ind2="0" tag="785"><subfield code="t">Belmont dispatch</subfield><subfield code="w">(DLC)sn 84031237</subfield></datafield></record>